@article{Repovs2011Schizophrenia,
  title={Brain Network Connectivity in Individuals with Schizophrenia and their Siblings},
  author={Grega Repovs, John G. Csernansky, and Deanna M. Barch}
  journal={Biol Psychiatry},
  volume={69},
  number={10},
  pages={967-973},
  year={2011}
  publisher={ Elsevier Inc.}
}
