@article{repovs2011,
  	title = "Brain Network Connectivity in Individuals with Schizophrenia and their Siblings",
  	author = "Repovs, Grega and others",
  	journal = "Biological Psychiatry",
  	volume = "69",
  	number = "10",
  	pages = "967--973",
  	year = "2011",
  	publisher = "Elsevier"
} 

@article{repovs2012,
  	title = "Working memory related brain network connectivity in individuals with schizophrenia and their siblings",
  	author = "Repovs, Grega and others",
  	journal = "Frontiers in Human Neuroscience",
  	volume = "6",
  	number = "",
  	pages = "1--15",
  	year = "2012",
  	publisher = "Frontiers Media"
}

@article{arbabshirani2013,
  	title = "Classification of schizophrenia patients based on resting-state functional network connectivity",
  	author = "Arbabshirani, Mohammad R. and others",
  	journal = "Frontiers in Neuroscience",
  	volume = "7",
  	number = "",
  	pages = "1--16",
  	year = "2013",
  	publisher = "Frontiers Media"
}  

@article{lindquist2008,
 	title = "The statistical analysis of fMRI data",
	author = "Lindquist, Martin A and others",
  	journal = "Statistical Science",
  	volume = "23",
  	number = "4",
  	pages = "439--464",
  	year = "2008",
  	publisher = "Institute of Mathematical Statistics"
}